@inproceedings{knight2013estimating,
  title={Estimating human interest and attention via gaze analysis},
  author={Knight, Heather and Simmons, Reid},
  booktitle={2013 IEEE International Conference on Robotics and Automation},
  pages={4350--4355},
  year={2013},
  organization={IEEE}
}

@article{nenkova2011automatic,
  title={Automatic summarization},
  author={Nenkova, Ani and McKeown, Kathleen and others},
  journal={Foundations and Trends{\textregistered} in Information Retrieval},
  volume={5},
  number={2--3},
  pages={103--233},
  year={2011},
  publisher={Now Publishers, Inc.}
}

@article{zhang2018neural,
  title={Neural latent extractive document summarization},
  author={Zhang, Xingxing and Lapata, Mirella and Wei, Furu and Zhou, Ming},
  journal={arXiv preprint arXiv:1808.07187},
  year={2018}
}

@inproceedings{woodsend2010automatic,
  title={Automatic generation of story highlights},
  author={Woodsend, Kristian and Lapata, Mirella},
  booktitle={Proceedings of the 48th Annual Meeting of the Association for Computational Linguistics},
  pages={565--574},
  year={2010},
  organization={Association for Computational Linguistics}
}

@inproceedings{mihalcea2005language,
  title={Language independent extractive summarization},
  author={Mihalcea, Rada},
  booktitle={ACL},
  volume={5},
  pages={49--52},
  year={2005}
}

@inproceedings{conroy2001text,
  title={Text summarization via hidden markov models},
  author={Conroy, John M and O'leary, Dianne P},
  booktitle={Proceedings of the 24th annual international ACM SIGIR conference on Research and development in information retrieval},
  pages={406--407},
  year={2001},
  organization={ACM}


@inproceedings{10.1145/215206.215333,
author = {Kupiec, Julian and Pedersen, Jan and Chen, Francine},
title = {A Trainable Document Summarizer},
year = {1995},
isbn = {0897917146},
publisher = {Association for Computing Machinery},
address = {New York, NY, USA},
url = {https://doi.org/10.1145/215206.215333},
doi = {10.1145/215206.215333},
booktitle = {Proceedings of the 18th Annual International ACM SIGIR Conference on Research and Development in Information Retrieval},
pages = {68–73},
numpages = {6},
location = {Seattle, Washington, USA},
series = {SIGIR ’95}
}


@inproceedings{filatova2004event,
  title={Event-based extractive summarization},
  author={Filatova, Elena and Hatzivassiloglou, Vasileios},
  booktitle={Text Summarization Branches Out},
  pages={104--111},
  year={2004}
}

@article{luhn1958automatic,
  title={The automatic creation of literature abstracts},
  author={Luhn, Hans Peter},
  journal={IBM Journal of research and development},
  volume={2},
  number={2},
  pages={159--165},
  year={1958},
  publisher={Ibm}
}

@article{edmundson1969new,
  title={New methods in automatic extracting},
  author={Edmundson, Harold P},
  journal={Journal of the ACM (JACM)},
  volume={16},
  number={2},
  pages={264--285},
  year={1969},
  publisher={ACM}
}

@article{admoni2017social,
  title={Social eye gaze in human-robot interaction: a review},
  author={Admoni, Henny and Scassellati, Brian},
  journal={Journal of Human-Robot Interaction},
  volume={6},
  number={1},
  pages={25--63},
  year={2017},
  publisher={Journal of Human-Robot Interaction Steering Committee}
}

@article{emery2000eyes,
  title={The eyes have it: the neuroethology, function and evolution of social gaze},
  author={Emery, Nathan J},
  journal={Neuroscience \& Biobehavioral Reviews},
  volume={24},
  number={6},
  pages={581--604},
  year={2000},
  publisher={Elsevier}
}

@article{djamasbi2014eye,
  title={Eye tracking and web experience},
  author={Djamasbi, Soussan},
  journal={AIS Transactions on Human-Computer Interaction},
  volume={6},
  number={2},
  pages={37--54},
  year={2014}
}

@inproceedings{bee2008writing,
  title={Writing with your eye: A dwell time free writing system adapted to the nature of human eye gaze},
  author={Bee, Nikolaus and Andr{\'e}, Elisabeth},
  booktitle={International Tutorial and Research Workshop on Perception and Interactive Technologies for Speech-Based Systems},
  pages={111--122},
  year={2008},
  organization={Springer}
}

@article{frazier1982making,
  title={Making and correcting errors during sentence comprehension: Eye movements in the analysis of structurally ambiguous sentences},
  author={Frazier, Lyn and Rayner, Keith},
  journal={Cognitive psychology},
  volume={14},
  number={2},
  pages={178--210},
  year={1982},
  publisher={Elsevier}
}

@book{rayner2012eye,
  title={Eye movements in reading: Perceptual and language processes},
  author={Rayner, Keith},
  year={2012},
  publisher={Elsevier}
}

@inproceedings{c7691a9428684758a206610e6bd9ee3e,
title = "Implicit gaze based annotations to support second language learning",
abstract = "This paper explores if implicit gaze based annotations can support reading comprehension tasks of second language learners. We show how to use eye tracking to add implicit annotations to the text the user reads and we start by annotating physical features (reading speed, re-reading, number of fixation areas) to documents using eyetracking. We show initial results of an ongoing experiment. So far,we recorded the eye gaze of 2 students for 2 documents. We gather initial feedback by presenting the annotated documents to two English teachers. Oerall, we beliee implicit annotations can be a useful feedback mechanism for second language learners.",
keywords = "Eye moements, Language expertise, Mobile eye tracker",
author = "Ayano Okoso and Kunze, {Kai Steven} and Koichi Kise",
year = "2014",
doi = "10.1145/2638728.2638783",
language = "English",
pages = "143--146",
booktitle = "UbiComp 2014 - Adjunct Proceedings of the 2014 ACM International Joint Conference on Pervasive and Ubiquitous Computing",
publisher = "Association for Computing Machinery, Inc",
}

@article{olsen2012just,
  title={“I just Wikipedia it”: Information behavior of first-year writing students},
  author={Olsen, M Whitney and Diekema, Anne R},
  journal={Proceedings of the American Society for Information Science and Technology},
  volume={49},
  number={1},
  pages={1--11},
  year={2012},
  publisher={Wiley Online Library}
}

@article{kincaid1975derivation,
  title={Derivation of new readability formulas (automated readability index, fog count and flesch reading ease formula) for navy enlisted personnel},
  author={Kincaid, J Peter and Fishburne Jr, Robert P and Rogers, Richard L and Chissom, Brad S},
  year={1975},
  publisher={Institute for Simulation and Training, University of Central Florida}
}

@article{didegah2013factors,
  title={Which factors help authors produce the highest impact research? Collaboration, journal and document properties},
  author={Didegah, Fereshteh and Thelwall, Mike},
  journal={Journal of Informetrics},
  volume={7},
  number={4},
  pages={861--873},
  year={2013},
  publisher={Elsevier}
}

@article{benjamin2012reconstructing,
  title={Reconstructing readability: Recent developments and recommendations in the analysis of text difficulty},
  author={Benjamin, Rebekah George},
  journal={Educational Psychology Review},
  volume={24},
  number={1},
  pages={63--88},
  year={2012},
  publisher={Springer}
}

@article{dunn2019evaluating,
  title={Evaluating Wikipedia as a self-learning resource for statistics: You know they'll use it},
  author={Dunn, Peter K and Marshman, Margaret and McDougall, Robert},
  journal={The American Statistician},
  volume={73},
  number={3},
  pages={224--231},
  year={2019},
  publisher={Taylor \& Francis}
}

@article{head2010today,
  title={How today's college students use Wikipedia for course-related research},
  author={Head, Alison and Eisenberg, Michael},
  journal={First Monday},
  volume={15},
  number={3},
  year={2010}
}

@inproceedings{adler2008measuring,
  title={Measuring author contributions to the Wikipedia},
  author={Adler, B Thomas and De Alfaro, Luca and Pye, Ian and Raman, Vishwanath},
  booktitle={Proceedings of the 4th International Symposium on Wikis},
  pages={15},
  year={2008},
  organization={ACM}
}

@inproceedings{adler2007content,
  title={A content-driven reputation system for the Wikipedia},
  author={Adler, B Thomas and De Alfaro, Luca},
  booktitle={Proceedings of the 16th international conference on World Wide Web},
  pages={261--270},
  year={2007},
  organization={ACM}
}


@article{rayner2010eye,
  title={Eye movements, the perceptual span, and reading speed},
  author={Rayner, Keith and Slattery, Timothy J and B{\'e}langer, Nathalie N},
  journal={Psychonomic bulletin \& review},
  volume={17},
  number={6},
  pages={834--839},
  year={2010},
  publisher={Springer}
}

@article{sichel1974distribution,
  title={On a distribution representing sentence-length in written prose},
  author={Sichel, HS},
  journal={Journal of the Royal Statistical Society: Series A (General)},
  volume={137},
  number={1},
  pages={25--34},
  year={1974},
  publisher={Wiley Online Library}
}

@article{autoSum,
    author  = "Inderjeet Mani",
    title   = "Automatic summarization",
    journal = "John Benjamins Publishing",
    year    = "2001",
    volume  = "3"
}

@article{sanches2018estimation,
  title={Estimation of reading subjective understanding based on eye gaze analysis},
  author={Sanches, Charles Lima and Augereau, Olivier and Kise, Koichi},
  journal={PloS one},
  volume={13},
  number={10},
  pages={e0206213},
  year={2018},
  publisher={Public Library of Science}
}

@inproceedings{beymer2005webgazeanalyzer,
  title={WebGazeAnalyzer: a system for capturing and analyzing web reading behavior using eye gaze},
  author={Beymer, David and Russell, Daniel M},
  booktitle={CHI'05 extended abstracts on Human factors in computing systems},
  pages={1913--1916},
  year={2005},
  organization={ACM}
}

@inproceedings{loizides2009empirical,
  title={An empirical study of user navigation during document triage},
  author={Loizides, Fernando and Buchanan, George},
  booktitle={International Conference on Theory and Practice of Digital Libraries},
  pages={138--149},
  year={2009},
  organization={Springer}
}

@inproceedings{dang2016quality,
  title={Quality assessment of wikipedia articles without feature engineering},
  author={Dang, Quang Vinh and Ignat, Claudia-Lavinia},
  booktitle={Proceedings of the 16th ACM/IEEE-CS on Joint Conference on Digital Libraries},
  pages={27--30},
  year={2016},
  organization={ACM}
}

@inproceedings{chevalier2010wikipediaviz,
  title={Wikipediaviz: Conveying article quality for casual wikipedia readers},
  author={Chevalier, Fanny and Huot, St{\'e}phane and Fekete, Jean-Daniel},
  booktitle={2010 IEEE Pacific Visualization Symposium (PacificVis)},
  pages={49--56},
  year={2010},
  organization={IEEE}
}

@article{falagas2013impact,
  title={The impact of article length on the number of future citations: a bibliometric analysis of general medicine journals},
  author={Falagas, Matthew E and Zarkali, Angeliki and Karageorgopoulos, Drosos E and Bardakas, Vangelis and Mavros, Michael N},
  journal={PLoS One},
  volume={8},
  number={2},
  pages={e49476},
  year={2013},
  publisher={Public Library of Science}
}

@inproceedings{blumenstock2008size,
  title={Size matters: word count as a measure of quality on wikipedia},
  author={Blumenstock, Joshua E},
  booktitle={Proceedings of the 17th international conference on World Wide Web},
  pages={1095--1096},
  year={2008},
  organization={ACM}
}


@article{wagner2016women,
  title={Women through the glass ceiling: gender asymmetries in Wikipedia},
  author={Wagner, Claudia and Graells-Garrido, Eduardo and Garcia, David and Menczer, Filippo},
  journal={EPJ Data Science},
  volume={5},
  number={1},
  pages={5},
  year={2016},
  publisher={SpringerOpen}
}

@inproceedings{sepehri2012leveraging,
  title={Leveraging editor collaboration patterns in Wikipedia},
  author={Sepehri Rad, Hoda and Makazhanov, Aibek and Rafiei, Davood and Barbosa, Denilson},
  booktitle={Proceedings of the 23rd ACM conference on Hypertext and social media},
  pages={13--22},
  year={2012},
  organization={ACM}
}

@article{kim2016understanding,
  title={Understanding editing behaviors in multilingual wikipedia},
  author={Kim, Suin and Park, Sungjoon and Hale, Scott A and Kim, Sooyoung and Byun, Jeongmin and Oh, Alice H},
  journal={PloS one},
  volume={11},
  number={5},
  pages={e0155305},
  year={2016},
  publisher={Public Library of Science}
}

@inproceedings{li2015automatically,
  title={Automatically assessing Wikipedia article quality by exploiting article--editor networks},
  author={Li, Xinyi and Tang, Jintao and Wang, Ting and Luo, Zhunchen and De Rijke, Maarten},
  booktitle={European Conference on Information Retrieval},
  pages={574--580},
  year={2015},
  organization={Springer}
}


@article{blum2015ladder,
  title={The ladder: A reliable leaderboard for machine learning competitions},
  author={Blum, Avrim and Hardt, Moritz},
  journal={arXiv preprint arXiv:1502.04585},
  year={2015}
}

@misc{WinNT,
  title = {NetGazer},
  howpublished = {\url{http://sourceforge.net/projects/netgazer/}},
  note = {Accessed: 2016}
}

@misc{CVC,
  title = {CVC Eye Tracker},
  howpublished = {\url{https://github.com/tiendan/OpenGazer}},
  note = {Accessed: 2016}
}
 

@inproceedings{belkin2008some,
  title={Some (what) grand challenges for information retrieval},
  author={Belkin, Nicholas J},
  booktitle={ACM SIGIR Forum},
  volume={42},
  number={1},
  pages={47--54},
  year={2008},
  organization={ACM}
}

@inproceedings{xu2009user,
  title={User-oriented document summarization through vision-based eye-tracking},
  author={Xu, Songhua and Jiang, Hao and Lau, Francis},
  booktitle={Proceedings of the 14th international conference on Intelligent user interfaces},
  pages={7--16},
  year={2009},
  organization={ACM}
}

@article{cagliero2019recommending,
  title={Recommending Personalized Summaries of Teaching Materials},
  author={Cagliero, Luca and Farinetti, Laura and Baralis, Elena},
  journal={IEEE Access},
  volume={7},
  pages={22729--22739},
  year={2019},
  publisher={IEEE}
}

@article{ferhat2014cheap,
  title={A cheap portable eye-tracker solution for common setups},
  author={Ferhat, Onur and Vilarino, Fernando and Sanchez, Francisco Javier},
  year={2014}
}

@article{cornelissen2002eyelink,
  title={The Eyelink Toolbox: eye tracking with MATLAB and the Psychophysics Toolbox},
  author={Cornelissen, Frans W and Peters, Enno M and Palmer, John},
  journal={Behavior Research Methods, Instruments, \& Computers},
  volume={34},
  number={4},
  pages={613--617},
  year={2002},
  publisher={Springer}
}

@article{olsen2012tobii,
  title={The Tobii I-VT fixation filter},
  author={Olsen, Anneli},
  journal={Tobii Technology},
  year={2012}
}

@article{rayner1998eye,
  title={Eye movements in reading and information processing: 20 years of research.},
  author={Rayner, Keith},
  journal={Psychological bulletin},
  volume={124},
  number={3},
  pages={372},
  year={1998},
  publisher={American Psychological Association}
}

@inproceedings{Beymer:2005:WSC:1056808.1057055,
 author = {Beymer, David and Russell, Daniel M.},
 title = {WebGazeAnalyzer: A System for Capturing and Analyzing Web Reading Behavior Using Eye Gaze},
 booktitle = {CHI '05 Extended Abstracts on Human Factors in Computing Systems},
 series = {CHI EA '05},
 year = {2005},
 isbn = {1-59593-002-7},
 location = {Portland, OR, USA},
 pages = {1913--1916},
 numpages = {4},
 url = {http://doi.acm.org/10.1145/1056808.1057055},
 doi = {10.1145/1056808.1057055},
 acmid = {1057055},
 publisher = {ACM},
 address = {New York, NY, USA},
 keywords = {data analysis methods, eye gaze, eye tracking, gaze registration, reading detection},
} 


@article{rayner1978eye,
  title={Eye movements in reading and information processing.},
  author={Rayner, Keith},
  journal={Psychological bulletin},
  volume={85},
  number={3},
  pages={618},
  year={1978},
  publisher={American Psychological Association}
}

@article{bff9c00ddce3404ca729f4a96d53a701,
title = "Can Eyes Reveal Interest? Implicit Queries from Gaze Patterns",
keywords = "213 Electronic, automation and communications engineering, electronics",
author = "Antti Ajanki and Hardoon, {David R.} and Samuel Kaski and Kai Puolam{\"a}ki and John Shawe-Taylor",
year = "2009",
doi = "10.1007/s11257-009-9066-4",
language = "English",
volume = "19",
pages = "307--339",
journal = "User Modeling and User-Adapted Interaction",
issn = "0924-1868",
publisher = "Springer Netherlands",
number = "4",
}

@article{calder2002reading,
  title={Reading the mind from eye gaze},
  author={Calder, Andrew J and Lawrence, Andrew D and Keane, Jill and Scott, Sophie K and Owen, Adrian M and Christoffels, Ingrid and Young, Andrew W},
  journal={Neuropsychologia},
  volume={40},
  number={8},
  pages={1129--1138},
  year={2002},
  publisher={Elsevier}
}

@inproceedings{adler2008assigning,
  title={Assigning trust to Wikipedia content},
  author={Adler, B Thomas and Chatterjee, Krishnendu and De Alfaro, Luca and Faella, Marco and Pye, Ian and Raman, Vishwanath},
  booktitle={Proceedings of the 4th International Symposium on Wikis},
  pages={26},
  year={2008},
  organization={ACM}
}

@inproceedings{lehmann2014reader,
  title={Reader preferences and behavior on Wikipedia},
  author={Lehmann, Janette and M{\"u}ller-Birn, Claudia and Laniado, David and Lalmas, Mounia and Kaltenbrunner, Andreas},
  booktitle={Proceedings of the 25th ACM conference on Hypertext and social media},
  pages={88--97},
  year={2014},
  organization={ACM}
}

@inproceedings{antin2010readers,
  title={Readers are not free-riders: reading as a form of participation on wikipedia},
  author={Antin, Judd and Cheshire, Coye},
  booktitle={Proceedings of the 2010 ACM conference on Computer supported cooperative work},
  pages={127--130},
  year={2010},
  organization={ACM}
}


@inproceedings{berkovsky2008aspect,
  title={Aspect-based personalized text summarization},
  author={Berkovsky, Shlomo and Baldwin, Timothy and Zukerman, Ingrid},
  booktitle={International Conference on Adaptive Hypermedia and Adaptive Web-Based Systems},
  pages={267--270},
  year={2008},
  publisher={Springer}
}

@article{diaz2007user,
  title={User-model based personalized summarization},
  author={D{\'\i}az, Alberto and Gerv{\'a}s, Pablo},
  journal={Information Processing \& Management},
  volume={43},
  number={6},
  pages={1715--1734},
  year={2007},
  publisher={Elsevier}
}

@incollection{brusilovsky2007user,
  title={User models for adaptive hypermedia and adaptive educational systems},
  author={Brusilovsky, Peter and Mill{\'a}n, Eva},
  booktitle={The adaptive web},
  pages={3--53},
  year={2007},
  publisher={Springer}
}

@inproceedings{moro2012personalized,
  title={Personalized text summarization based on important terms identification},
  author={M{\'o}ro, R{\'o}bert and others},
  booktitle={2012 23rd International Workshop on Database and Expert Systems Applications},
  pages={131--135},
  year={2012},
  publisher={IEEE}
}

@inproceedings{wu2008personalized,
  title={Personalized multimedia web summarizer for tourist},
  author={Wu, Xiao and Li, Jintao and Zhang, Yongdong and Tang, Sheng and Neo, Shi-Yong},
  booktitle={Proceedings of the 17th international conference on World Wide Web},
  pages={1025--1026},
  year={2008},
  publisher={ACM}
}

@inproceedings{kumar2008generating,
  title={Generating personalized summaries using publicly available web documents},
  author={Kumar, Chandan and Pingali, Prasad and Varma, Vasudeva},
  booktitle={Proceedings of the 2008 IEEE/WIC/ACM International Conference on Web Intelligence and Intelligent Agent Technology-Volume 03},
  pages={103--106},
  year={2008},
  publisher={IEEE Computer Society}
}

@inproceedings{buscher2009gaze,
  title={Gaze-based filtering of relevant document segments},
  author={Buscher, Georg and Dengel, Andreas},
  booktitle={International World Wide Web Conference (WWW)},
  pages={20--24},
  year={2009}
}

@misc{wiki:Wikipedia:Statistics,
   author = "Wikipedia",
   title = "{Wikipedia:Statistics} --- {W}ikipedia{,} The Free Encyclopedia",
   year = "2019",
   howpublished = {\url{http://en.wikipedia.org/w/index.php?title=Wikipedia\%3AStatistics&oldid=914609482}},
   note = "[Online; accessed 02-October-2019]"
 }
 
@misc{wiki:Wikipedia:Pageview_statistics,
   author = "Wikipedia",
   title = "{Wikipedia:Pageview statistics} --- {W}ikipedia{,} The Free Encyclopedia",
   year = "2019",
   howpublished = {\url{http://en.wikipedia.org/w/index.php?title=Wikipedia\%3APageview\%20statistics&oldid=920344721}},
   note = "[Online; accessed 31-December-2019]"
 }
 
 @misc{giles2005internet,
  title={Internet encyclopaedias go head to head},
  author={Giles, Jim},
  year={2005},
  publisher={Nature Publishing Group}
}

@inproceedings{baeza2015wisdom,
  title={Wisdom of the Crowd or Wisdom of a Few?: An Analysis of Users' Content Generation},
  author={Baeza-Yates, Ricardo and Saez-Trumper, Diego},
  booktitle={Proceedings of the 26th ACM Conference on Hypertext \& Social Media},
  pages={69--74},
  year={2015},
  organization={ACM}
}

@inproceedings{bergstrom2009conversation,
  title={Conversation clusters: grouping conversation topics through human-computer dialog},
  author={Bergstrom, Tony and Karahalios, Karrie},
  booktitle={Proceedings of the SIGCHI Conference on Human Factors in Computing Systems},
  pages={2349--2352},
  year={2009},
  organization={ACM}
}

@inproceedings{kittur2008harnessing,
  title={Harnessing the wisdom of crowds in wikipedia: quality through coordination},
  author={Kittur, Aniket and Kraut, Robert E},
  booktitle={Proceedings of the 2008 ACM conference on Computer supported cooperative work},
  pages={37--46},
  year={2008},
  organization={ACM}
}

@inproceedings{ge2016news,
  title={News stream summarization using burst information networks},
  author={Ge, Tao and Cui, Lei and Chang, Baobao and Li, Sujian and Zhou, Ming and Sui, Zhifang},
  booktitle={Proceedings of the 2016 Conference on Empirical Methods in Natural Language Processing},
  pages={784--794},
  year={2016}
}

@article{hu2017opinion,
  title={Opinion mining from online hotel reviews--a text summarization approach},
  author={Hu, Ya-Han and Chen, Yen-Liang and Chou, Hui-Ling},
  journal={Information Processing \& Management},
  volume={53},
  number={2},
  pages={436--449},
  year={2017},
  publisher={Elsevier}
}

@inproceedings{pudaruth2016intelligent,
  title={An intelligent question answering system for ict},
  author={Pudaruth, Sameerchand and Boodhoo, Kajal and Goolbudun, Lushika},
  booktitle={2016 International Conference on Electrical, Electronics, and Optimization Techniques (ICEEOT)},
  pages={2895--2899},
  year={2016},
  organization={IEEE}
}

@article{roul2019nifty,
  title={A nifty review to text summarization-based recommendation system for electronic products},
  author={Roul, Rajendra Kumar and Arora, Kushagr},
  journal={Soft Computing},
  pages={1--22},
  year={2019},
  publisher={Springer}
}

@article{stvilia2008information,
  title={Information quality work organization in Wikipedia},
  author={Stvilia, Besiki and Twidale, Michael B and Smith, Linda C and Gasser, Les},
  journal={Journal of the American society for information science and technology},
  volume={59},
  number={6},
  pages={983--1001},
  year={2008},
  publisher={Wiley Online Library}
}

@article{wilkinson2007assessing,
  title={Assessing the value of cooperation in Wikipedia, Digital Libraries (cs. DL)},
  author={Wilkinson, DM and Huberman, BA},
  journal={Computers and Society; Physics and Society},
  year={2007}
}

@article{okoli2012people,
  title={The people’s encyclopedia under the gaze of the sages: A systematic review of scholarly research on Wikipedia},
  author={Okoli, Chitu and Mehdi, Mohamad and Mesgari, Mostafa and Nielsen, Finn {\AA}rup and Lanam{\"a}ki, Arto},
  journal={Available at SSRN 2021326},
  year={2012}
}